% Encoding: UTF-8
@article{alonso1970physiqueT1,
  author={Alonso, Marcelo and Finn, Edward J.},
  title={Physique G{\'{e}}n{\'{e}}rale},
  year={11970},
  volume={1},
  publisher={Le Renouveau P{\'e}dagogique}
}
@book{ayant2000cours,
  title={Cours de m{\'e}canique quantique: avec 87 exercices corrig{\'e}s:[2e cycle, {\'e}coles d'ing{\'e}nieurs]:[avec exercices et probl{\`e}mes r{\'e}solus]},
  author={Ayant, Yves and Belorizky, Elie},
  year={12000},
  publisher={Dunod}
}
@book{bachelier1900theorie,
  title={Th{\'e}orie de la sp{\'e}culation},
  author={Bachelier, Louis},
  year={11900},
  publisher={Gauthier-Villars}
}
@book{bass2007six,
  title={Six Sigma statistics with Excel and Minitab},
  author={Bass, Issa},
  volume={1},
  year={12007},
  publisher={McGraw-Hill}
}
@book{pyzdek2009six,
  title={The Six Sigma Handbook, Third Edition},
  author={Pyzdek, T. and Keller, P.},
  isbn={9780071733908},
  year={12009},
  publisher={McGraw-Hill Education}
}
@book{ben2008notions,
  title={Notions de M{\'e}canique des Fluides: Cours et Exercices Corrig{\'e}s},
  author={Ben Hamouda, Riadh},
  year={12008},
  publisher={Centre de Publication Universitaire}
}
@book{uicker2011theory,
  title={Theory of Machines and Mechanisms, 7th Edition},
  author={Uicker, J.J. and Pennock, G.R. and Shigley, J.E.},
  isbn={9780195371239},
  lccn={2009024985},
  year={12017},
  publisher={Oxford University Press}
}
@Book{borel1984thermodynamique,
  title={Thermodynamique et Energ{\'e}tique},
  publisher={Presses Polytechniques Romandes, premi{\'e}re {\'e}dition},
  year={11984},
  author={Borel, Lucien},
  isbn={2880740258}
}
@book{bossu2012introduction,
  title={An Introduction to Equity Derivatives: Theory and Practice},
  author={Bossu, S{\'e}bastien and Henrotte, Philippe},
  volume={647},
  year={12012},
  publisher={John Wiley \& Sons}
}
@book{boursin1998initiation,
  title={Initiation {\`a} la th{\'e}orie des jeux},
  author={Boursin, Jean-Louis},
  year={11998},
  publisher={Montchrestien}
}

@Book{bowman1958introduction,
  title={Introduction to {Bessel} functions},
  publisher={Courier Corporation},
  year={11958},
  author={Bowman, Frank}
}
@book{cagnac1971physique,
  title={Physique atomique: introduction {\`a} la physique quantique et structure de l'{\'e}difice atomique},
  author={Cagnac, Bernard and Pebay-Peyroula, Jean Claude},
  volume={2},
  year={11971},
  publisher={Dunod}
}
@book{cairoli1991algebre,
  title={Alg{\`e}bre lin{\'e}aire},
  author={Cairoli, Renzo},
  year={11991},
  publisher={PPUR presses polytechniques}
}
@book{calc1993tensoriel,
  title={Le calcul tensoriel en physique},
  author={J. Hladik and P.-E. Hladik},
  year={11993},
  publisher={Dunod}
}
@book{cobbaut1987theorie,
  title={Th{\'e}orie financi{\`e}re},
  author={Cobbaut, Robert},
  year={11987}
}
@book{cogis2003theorie,
  title={Th{\'e}orie des graphes: au-del{\`a} des ponts de K{\"o}nigsberg: probl{\`e}mes, th{\'e}or{\`e}mes, algorithmes},
  author={Cogis, Olivier and Robert, Claudine},
  year={12003},
  publisher={Vuibert}
}
@book{curtis2013orbital,
  title={Orbital mechanics for engineering students},
  author={Curtis, Howard},
  year={12013},
  publisher={Butterworth-Heinemann}
}
@book{cutnell2007physics,
  title={Physics},
  author={Cutnell, John D. and Johnson, Kenneth W.},
  year={12007},
  publisher={NJ, John Wiley \& Sons, Inc}
}
@book{david2001introduction,
  title={Introduction {\`a} la logique: th{\'e}orie de la d{\'e}monstration: cours et exercices corrig{\'e}s},
  author={David, Ren{\'e} and Nour, Karim and Raffalli, Christophe and Curien, Pierre-Louis},
  year={12001},
  publisher={Dunod}
}
@book{day2007mastering,
  title={Mastering Financial Modelling in Microsoft Excel: A practitioner's guide to applied corporate finance},
  author={Day, Alastair L.},
  year={12007},
  publisher={Pearson Education}
}
@book{de1994introduction,
  title={Introduction {\`a} la th{\'e}orie des nombres},
  author={De Koninck, Jean-Marie and Mercier, Armel},
  year={11994},
  publisher={Modulo}
}
@book{delcroix1994physique,
  title={Physique des plasmas, Tome 1},
  author={Delcroix, Jean-Loup and Bers, Abraham},
  journal={InterEditions/CNRS Editions},
  year={11994}
}
@book{desai2010quantum,
  title={Quantum mechanics with basic field theory},
  author={Desai, Bipin R.},
  year={12010},
  publisher={Cambridge University Press}
}
@book{didier1997chimie,
  title={Chimie g{\'e}n{\'e}rale},
  author={Didier, Ren{\'e} and Gr{\'e}cias, Pierre},
  year={11997},
  publisher={Technique \& documentation-Lavoisier}
}
@book{diu1989elements,
  title={El{\'e}ments de physique statistique},
  author={Diu, Bernard and Roulet, Bernard and Guthmann, Claudine and Lederer, Danielle},
  year={11989},
  publisher={Hermann}
}
@book{douchet1987calcul,
  title={Calcul diff{\'e}rentiel et int{\'e}gral 3. Fonctions r{\'e}elles d'une variable r{\'e}elle: exercices r{\'e}solus},
  author={Douchet, Jacques and Zwahlen, Bruno},
  year={11987},
  publisher={Presses Polytechniques Romandes}
}
@book{douchet2006calcul,
  title={Calcul diff{\'e}rentiel et int{\'e}gral: fonctions r{\'e}elles d'une ou de plusieurs variables r{\'e}elles},
  author={Douchet, Jacques and Zwahlen, Bruno},
  year={12006},
  publisher={PPUR presses polytechniques}
}
@book{duffy2010advanced,
  title={Advanced engineering mathematics with MATLAB},
  author={Duffy, Dean G.},
  year={12010},
  publisher={CRC Press}
}
@book{duvaut1998mecanique,
  title={M{\'e}canique des milieux continus},
  author={Duvaut, Georges},
  year={11998},
  publisher={Dunod}
}
@book{elbaz1992cosmologie,
  title={Cosmologie},
  author={Elbaz, Edgard and Novello, Mario},
  year={11992},
  publisher={Ellipse}
}
@book{gentili2012guide,
  title={Guide de localisation des astres},
  author={Gentili, Christian},
  year={12012},
  publisher={EDP sciences}
}

@Book{giard1981gestion,
  title={Gestion de la production: calcul {\'{E}}conomique},
  publisher={Economica},
  year={11981},
  author={Giard, Vincent}
}
@book{giard1995statgestionnaires,
  title={Statistiques descriptives pour les gestionnaires},
  author={Giard, Vincent},
  year={11995},
  publisher={Economica}
}
@book{gieck1997formulaire,
  title={Formulaire Technique Gieck},
  author={K. + R. Gieck},
  year={11997},
  publisher={Gieck}
}

@Book{gopal2006100,
  title={100 Statistical tests},
  publisher= {Sage},
  year={12006},
  author={Gopal K. Kanji}
}

@Book{goupy2005DOE,
  title={Pratique industrielle des plans d'exp{\'e}rience)},
  publisher={AFNOR},
  year={11999},
  author={J. Alexis, P. Alexis}
}
@book{goupy2005pratiquer,
  title={Pratiquer les plans d'exp{\'e}riences},
  author={J. Goupy},
  year={12005},
  publisher={Dunod}
}
@book{hairer2001analyse,
  title={L'analyse au fil de l'histoire},
  author={Hairer, Ernst and Wanner, Gerhard},
  volume={10},
  year={12001},
  publisher={Springer Science \& Business Media}
}
@book{halliday1979electricite,
  title={Electricit{\'e} et magn{\'e}tisme},
  author={Halliday, David and Lebel, Andr{\'e} and Resnick, Robert and Resnick, Robert and Resnick, Robert},
  year={11979},
  publisher={Editions du Renouveau P{\'e}dagogique}
}
@article{halmos1970introduction,
  title={Introduction {\`a} la th{\'e}orie des ensembles},
  author={Halmos, Paul Richard},
  year={11970}
}
@book{hecht1999physique,
  title={Physique},
  author={Hecht, E.},
  year={11999},
  publisher={De Boeck Sup{\'e}rieur}
}
@book{hibbeler2010statics,
  title={Engineering Mechanics: Statics and dynamics},
  author={Hibbeler, R.C.},
  isbn={9780138149291},
  lccn={2004269766},
  series={Engineering Mechanics},
  year={12010},
  publisher={Prentice-Hall}
}
@book{hladik1996spineurs,
  title={Les spineurs en physique: avec exercices corrig{\'e}s},
  author={Hladik, Jean},
  year={11996},
  publisher={Masson}
}
@book{hull2006options,
  title={Options, futures, and other derivatives},
  author={Hull, John C.},
  year={12006},
  publisher={Pearson Education India}
}
@book{istas1999probabilites,
  title={Probabilit{\'e}s et statistiques: cours, exercices et probl{\`e}mes r{\'e}solus},
  author={Istas, Jacques},
  year={11999},
  publisher={Ellipses}
}

@Book{jaupi2002MSP,
  title={Contr{\^{o}}le de la qualit{\'{e}} (MSP, Analyse des performances, Contr{\^{o}}le de r{\'{e}}ception)},
  publisher={Dunod},
  year={12002},
  author={L. Jaupi}
}
@book{jazar2011advanced,
  title={Advanced dynamics: rigid body, multibody, and aerospace applications},
  author={Jazar, Reza N.},
  year={12011},
  publisher={John Wiley \& Sons}
}
@book{johnson2014applied,
  title={Applied multivariate statistical analysis},
  author={Johnson, Richard Arnold and Wichern, Dean W.},
  year={12014},
  publisher={Pearson Education Limited}
}
@book{jorion2007financial,
  title={Financial risk manager handbook},
  author={Jorion, Philippe and others},
  volume={406},
  year={12007},
  publisher={John Wiley \& Sons}
}
@book{koppelaars2007applied,
  title={Applied mathematics for database professionals},
  author={Koppelaars, Toon and others},
  year={12007},
  publisher={Apress}
}
@book{koren2010fault,
  title={Fault-tolerant systems},
  author={Koren, Israel and Krishna, C. Mani},
  year={12010},
  publisher={Morgan Kaufmann}
}
@book{lahiri2005first,
  title={A first book of Quantum Field Theory},
  author={Lahiri, Amitabha and Pal, Palash B.},
  year={12005},
  publisher={CRC Press}
}
@book{laroche2003promenades,
  title={Promenades math{\'e}matiques: histoire, fondements, applications},
  author={Laroche, Fr{\'e}d{\'e}ric},
  year={12003},
  publisher={Ellipses}
}
@Book{lausanne1973calccomm,
  title={Calculs commerciaux et bancaires - avec des el{\'{e}}ments de statistique descriptive},
  publisher={Lausanne},
  year={11973},
  author={J.-Ch. Corbaz, D. Goetschi}
}
@book{ludvigsen2000relativite,
  title={La relativit{\'e} g{\'e}n{\'e}rale: une approche g{\'e}om{\'e}trique},
  author={Ludvigsen, Malcolm and Lachi{\`e}ze-Rey, Marc and Penrose, Roger},
  year={12000},
  publisher={Dunod}
}
@book{lyonnet1992maintenance,
  title={La maintenance: math{\'e}matiques et m{\'e}thodes},
  author={Lyonnet, Patrick},
  year={11992},
  publisher={Technique et documentation-Lavoisier}
}
@book{mandl1959introduction,
  title={Introduction to quantum field theory},
  author={Mandl, Franz},
  year={11959},
  publisher={Interscience publishers}
}
@book{mathieu2009physique,
  title={Physique des semiconducteurs et des composants {\'e}lectroniques-6{\`e}me {\'e}dition: Cours et exercices corrig{\'e}s},
  author={Mathieu, Henry and Fanet, Herv{\'e}},
  year={12009},
  publisher={Dunod}
}
@book{montgomery1991introduction,
  title={Introduction to statistical quality control},
  author={Montgomery, Douglas C.},
  year={11991},
  publisher={Wiley New York}
}
@book{ng2008queueing,
  title={Queueing modelling fundamentals: With applications in communication networks},
  author={Ng, Chee-Hock and Boon-Hee, Soong},
  year={12008},
  publisher={John Wiley \& Sons}
}

@Book{piskounovCDI1,
  title ={Calcul diff{\'{e}}rentiel et int{\'{e}}gral (Tome I)},
  publisher = {Mir (Moscou)},
  year =      {11972},
  author =    {N. Piskunov}
}

@Book{piskounovCDI2,
  title =     {Calcul diff{\'{e}}rentiel et int{\'{e}}gral (Tome II)},
  publisher = {Mir (Moscou)},
  year =      {11972},
  author =    {N. Piskunov}
}
@book{robinett1997quantum,
  title={Quantum mechanics: classical results, modern systems, and visualized examples},
  author={Robinett, Richard Wallace and Murphy, RD},
  year={11997},
  publisher={Oxford University Press New York}
}
@book{rothen1999physique,
  title={Physique g{\'e}n{\'e}rale: la physique des sciences de la nature et de la vie},
  author={Rothen, Fran{\c{c}}ois},
  year={11999},
  publisher={PPUR presses polytechniques}
}
@book{singh2001introduction,
  title={Introduction to food engineering},
  author={Singh, R. Paul and Heldman, Dennis R.},
  year={12001},
  publisher={Gulf Professional Publishing}
}
@book{stewart2006analyse,
  title={Analyse, concepts et contextes: Volume 1, Fonctions d'une variable},
  author={Stewart, James},
  volume={1},
  year={12006},
  publisher={De Boeck Sup{\'e}rieur}
}
@book{thiel1990recherche,
  title={Recherche op{\'e}rationnelle et management des entreprises},
  author={Thiel, Daniel},
  year={11990},
  publisher={Economica}
}

@Book{thiriez2004modelisation,
  title={La mod{\'e}lisation du risque: simulations de {Monte Carlo}},
  publisher={Economica},
  year={12004},
  author={Thiriez, Herv{\'e}}
}
@book{williams2002introducing,
  title={Introducing Special Relativity},
  author={Williams, William SC.},
  year={12002},
  publisher={CRC Press}
}
@book{wilmott1995mathematics,
  title={The mathematics of financial derivatives: a student introduction},
  author={Wilmott, Paul},
  year={11995},
  publisher={Cambridge University Press}
}
@book{zafarani2014social,
  title={Social media mining: an introduction},
  author={Zafarani, Reza and Abbasi, Mohammad Ali and Liu, Huan},
  year={12014},
  publisher={Cambridge University Press}
}
@book{zdunkowski2003dynamics,
  title={Dynamics of the Atmosphere: A course in theoretical Meteorology},
  author={Zdunkowski, Wilford and Bott, Andreas},
  year={12003},
  publisher={Cambridge University Press}
}
@book{zwiebach2004first,
  title={A first course in string theory},
  author={Zwiebach, Barton},
  year={12004},
  publisher={Cambridge university press}
}
@book{christian2013analytical,
	title={Analytical Chemistry, 7th Edition},
	author={Christian, GD. and Dsgupta, P. and Schug, K.},
	year={12013},
	publisher={Wiley Global Education}
}
@book{arens2015mathematik,
  title={Mathematik},
  author={Arens, T. and Hettlich, F. and Karpfinger, C. and Kockelkorn, U. and Lichtenegger, K. and Stachel, H.},
  year={12015},
  publisher={Springer Berlin Heidelberg}
}
@book{jordan2012fundamentals,
  title={Fundamentals of Corporate Finance Standard Edition},
  author={Jordan, B. and Westerfield, R. and Ross, S.},
  isbn={9780078034633},
  lccn={2011042532},
  year={12012},
  publisher={McGraw-Hill Education}
}
@book{oliveira2015practical,
  title={Practical C++ Financial Programming},
  author={Oliveira, C.},
  isbn={9781430267164},
  year={12015},
  publisher={Apress}
}
@book{cryer2008time,
  title={Time Series Analysis: With Applications in R},
  author={Cryer, J.D. and Chan, K.S.},
  isbn={9780387759593},
  lccn={2008923058},
  series={Springer Texts in Statistics},
  year={12008},
  publisher={Springer New York}
}
@book{welch2009corporate,
  title={Corporate Finance: An Introduction},
  author={Welch, I.},
  isbn={9780321587275},
  lccn={2008024981},
  series={Pearson international edition},
  year={12009},
  publisher={Prentice Hall}
}
@book{mmm1,
  title={An introduction to ordinary generating functions},
  author={Zabrocki, M.},
  series={York University},
  url={http://garsia.math.yorku.ca/~zabrocki/MMM1/MMM1Intro2OGFs.pdf},
}
@book{press2007numerical,
  title={Numerical Recipes 3rd Edition: The Art of Scientific Computing},
  author={William H. Press, Saul A. Teukolsky, William T. Vetterling and others},
  isbn={9780521880688},
  lccn={89015841},
  year={12007},
  publisher={Cambridge University Press}
}
@book{vermot2011traite,
  title={Trait{\'e} de construction horlog{\`e}re},
  author={Vermot, M. and Bovay, P. and Prongu{\'e}, D.},
  isbn={9782880748838},
  series={Collection microtechnique \& [et] nanotechnologie},
  year={12011},
  publisher={Presses polytechniques et universitaires romandes}
}
@book{dettman1965applied,
  title={Applied Complex Variables},
  author={Dettman, J.W.},
  isbn={9780486646701},
  lccn={lc65015585},
  series={A Series of advanced mathematics texts},
  year={11965},
  publisher={Macmillan}
}
@book{sqcwesternelectri,
  title={SQC Western Electric Union},
  author={D.W. Thormas, C.S. Barrett, C.W. LeSage},
  lccn={33858387},
  year={11956},
  publisher={Western Electric Co., Inc.}
}
@book{louisell1973quantum,
  title={Quantum statistical properties of radiation},
  author={Louisell, W.H.},
  isbn={9780471547853},
  lccn={73000547},
  series={Wiley Series in Pure and Applied Optics Series},
  year={11973},
  publisher={John Wiley \& Sons Canada, Limited}
}
@article{filip2010elementary,
  title={An elementary proof that almost all real numbers are normal},
  author={Filip, Ferdin{\'a}nd},
  journal={Acta Universitatis Sapientiae. Mathematica},
  volume={2},
  number={1},
  pages={99--110},
  year={12010},
  publisher={Sapientia Hungarian University of Transylvania; Scientia Publishing House}
}
@book{strang2016calculus,
  title={Calculus},
  author={Strang, G. and OpenStax and Herman, E. and BCcampus},
  number={vol.~1},
  isbn={9781938168024},
  year={12016},
  publisher={OpenStax College}
}
@book{openstax2016calculus,
  title={Calculus},
  author={OpenStax},
  number={vol.~2},
  isbn={9781680920154},
  year={12016},
  publisher={12th Media Services}
}
@book{equity2014collegeV1,
  title={College Physics Textbook Equity Edition Volume 1 of 3: Chapters 1 - 12},
  author={Equity, A.O.E.R.T.},
  isbn={9781304803214},
  year={12014},
  publisher={LULU Press}
}
@book{equity2014collegeV2,
  title={College Physics Textbook Equity Edition Volume 2 of 3: Chapters 13 - 24},
  author={Equity, A.O.E.R.T.},
  isbn={9781304784568},
  year={12014},
  publisher={LULU Press}
}
@book{equity2014collegeV3,
  title={College Physics Textbook Equity Edition Volume 3 of 3: Chapters 25 - 34},
  author={Equity, A.O.E.R.T.},
  isbn={9781304804266},
  year={12014},
  publisher={LULU Press}
}
@book{landauMechanics,
  title={Mechanics},
  author={Landau, L.D. and Lifshitz, E.M.},
  number={vol.~1},
  isbn={9780080503479},
  series={Course of Theoretical Physics},
  year={11982},
  publisher={Elsevier Science}
}
@book{landauCTF,
  title={Classical Theory of Fields},
  author={Landau, L.D.},
  number={vol.~2},
  isbn={9781483293288},
  series={Course of Theoretical Physics},
  year={12013},
  publisher={Elsevier Science}
}
@book{landau1977quantum,
  title={Quantum Mechanics: Non-relativistic Theory},
  author={Landau, L.D. and Lifshits, E.M.},
  number={vol.~2},
  isbn={9780750635394},
  series={Course of Theoretical Physics},
  year={11977},
  publisher={Butterworth-Heinemann}
}
@book{landauQE,
  title={Quantum Electrodynamics},
  author={Berestetskii, V.B. and Pitaevskii, L.P. and Lifshitz, E.M.},
  number={vol.~4},
  isbn={9780080503462},
  series={Course of Theoretical Physics},
  year={12012},
  publisher={Elsevier Science}
}
@book{landauSatistical,
  title={Statistical Physics},
  author={Landau, L.D. and Lifshitz, E.M.},
  number={vol.~5},
  isbn={9780080570464},
  series={Course of Theoretical Physics},
  year={12013},
  publisher={Elsevier Science}
}
@book{landau2013fluid,
  title={Fluid Mechanics},
  author={Landau, L.D. and Lifshitz, E.M.},
  number={vol.~6},
  isbn={9781483140506},
  series={Course of Theoretical Physics},
  year={12013},
  publisher={Elsevier Science}
}
@book{landauElasticity,
  title={Theory of Elasticity},
  author={Landau, L.D. and Pitaevskii, L.P. and Kosevich, A.M. and Lifshitz, E.M.},
  number={vol.~7},
  isbn={9780080570693},
  series={Course of Theoretical Physics},
  year={12012},
  publisher={Elsevier Science}
}
@book{landauECM,
  title={Electrodynamics of Continuous Media},
  author={Landau, L.D. and Bell, J.S. and Kearsley, M.J. and Pitaevskii, L.P. and Lifshitz, E.M. and Sykes, J.B.},
  number={vol.~8},
  isbn={9781483293752},
  series={Course of Theoretical Physics},
  year={12013},
  publisher={Elsevier Science}
}
@book{landauKinetic,
  title={Physical Kinetics},
  author={Pitaevskii, L.P. and Lifshitz, E.M.},
  number={vol.~10},
  isbn={9780080570495},
  series={Course of Theoretical Physics},
  year={12012},
  publisher={Elsevier Science}
}
@book{lazic2006design,
  title={Design of Experiments in Chemical Engineering: A Practical Guide},
  author={Lazic, Z.R.},
  isbn={9783527604593},
  year={12006},
  publisher={Wiley}
}
@book{demailly2012analyse,
  title={Analyse num{\'e}rique et {\'e}quations diff{\'e}rentielles},
  author={Demailly, J.P.},
  isbn={9782759801121},
  series={Grenoble Sciences},
  year={12012},
  publisher={EDP Sciences}
}
@book{cornell2011experiments,
  title={Experiments with Mixtures: Designs, Models, and the Analysis of Mixture Data},
  author={Cornell, J.A.},
  isbn={9781118150498},
  lccn={2001045457},
  series={Wiley Series in Probability and Statistics},
  year={12011},
  publisher={Wiley}
}
@book{sokal1999fashionable,
  title={Fashionable Nonsense: Postmodern Intellectuals' Abuse of Science},
  author={Sokal, A. and Bricmont, J.},
  isbn={9780312204075},
  lccn={98035336},
  year={11999},
  publisher={ST MARTINS PRESS (NY)}
}
@book{zaki2014data,
  title={Data Mining and Analysis: Fundamental Concepts and Algorithms},
  author={Zaki, M.J. and Meira, W.},
  isbn={9780521766333},
  lccn={2013037544},
  year={12014},
  publisher={Cambridge University Press}
}
@article{kacker1991taguchi,
  title={Taguchi's orthogonal arrays are classical designs of experiments},
  author={Kacker, Raghu N. and Lagergren, Eric S. and Filliben, James J.},
  journal={Journal of research of the National Institute of Standards and Technology},
  volume={96},
  number={5},
  pages={577--591},
  year={11991}
}
@article{co2008confirmation,
  title={Confirmation testing of the Taguchi methods by artificial neural-networks simulation},
  author={Co, H.C.},
  journal={International Journal of Production Research},
  volume={46},
  number={17},
  pages={4671-4685},
  year={12008},
  publisher={Taylor \& Francis}
}
@book{theoret2004calcul,
  title={Le Calcul Num{\'e}rique en Finance Empirique et Quantitative: Ing{\'e}nierie Financi{\`e}re et Exccel},
  author={Th{\'e}oret, R.},
  isbn={9782760517721},
  year={12004},
  publisher={Presses de l'Universite du Quebec}
}§
@article{chance2007synthesis,
  title={A synthesis of binomial option pricing models for lognormally distributed assets},
  author={Chance, Don M},
  year={12007}
}
@article{xin2011vix,
  title={The VIX Volatility Index},
  author={Xin, Mao},
  journal={Project Report, Department of Mathematics, Uppsala University, Sweden},
  year={12011}
}
@book{fraknoi2016astronomy,
  title={Astronomy},
  author={Fraknoi, A. and OpenStax and Morrison, D. and Wolff, S.C.},
  isbn={9781938168284},
  series={Open Textbook Library},
  year={12016},
  publisher={OpenStax College}
}
@book{mangin2013supaconductivite,
  title={Supraconductivit{\'e}},
  author={Mangin, P. and Kahn, R.},
  isbn={9782759808588},
  series={Grenoble Sciences},
  year={12013},
  publisher={EDP Sciences}
}
@book{lim1998problems,
  title={Problems and Solutions on Quantum Mechanics},
  author={Lim, Y.K.},
  isbn={9789813103009},
  series={Major American Universities Ph.D. Qualifying Questions and Solutions - Physics},
  year={11998}
}
@book{eisberg1985quantum,
  title={Quantum physics of atoms, molecules, solids, nuclei, and particles},
  author={Eisberg, R.M. and Resnick, R.},
  isbn={9780471873730},
  lccn={84010444},
  series={Quantum Physics of Atoms, Molecules, Solids, Nuclei and Particles},
  year={11985},
  publisher={Wiley}
}
@article{juffmann2012real,
  title={Real-time single-molecule imaging of quantum interference},
  author={Juffmann, Thomas and Milic, Adriana and M{\"u}llneritsch, Michael and Asenbaum, Peter and Tsukernik, Alexander and T{\"u}xen, Jens and Mayor, Marcel and Cheshnovsky, Ori and Arndt, Markus},
  journal={Nature nanotechnology},
  volume={7},
  number={5},
  pages={297--300},
  year={12012},
  publisher={Nature Research}
}
@inproceedings{wagner2011fuzzy,
  title={A fuzzy toolbox for the R programming language},
  author={Wagner, Christian and Miller, Simon and Garibaldi, Jonathan M.},
  booktitle={Fuzzy Systems (FUZZ), 2011 IEEE International Conference on},
  pages={1185--1192},
  year={12011},
  organization={IEEE}
}
@article{freedman1983note,
  title={A note on screening regression equations},
  author={Freedman, David A.},
  journal={the american statistician},
  volume={37},
  number={2},
  pages={152--155},
  year={11983},
  publisher={Taylor \& Francis Group}
}
@article{schachermayer2008close,
  title={How close are the option pricing formulas of Bachelier and Black--Merton--Scholes?},
  author={Schachermayer, Walter and Teichmann, Josef},
  journal={Mathematical Finance},
  volume={18},
  number={1},
  pages={155--170},
  year={12008},
  publisher={Wiley Online Library}
}
@article{zucchini2003applied,
  title={Applied smoothing techniques},
  author={Zucchini, Walter and Berzel, A. and Nenadic, O.},
  journal={Part I: Kernel Density Estimation},
  volume={15},
  year={12003}
}
@book{grossman2012information,
  title={Information retrieval: Algorithms and heuristics},
  author={Grossman, David A. and Frieder, Ophir},
  volume={15},
  year={12012},
  publisher={Springer Science \& Business Media}
}
@inproceedings{uryasev2010var,
  title={VaR vs CVaR in risk management and optimization},
  author={Uryasev, Stan and Sarykalin, Sergey and Serraino, Gaia and Kalinchenko, Konstantin},
  booktitle={CARISMA conference},
  year={12010}
}
@book{emc2015data,
  title={Data Science and Big Data Analytics: Discovering, Analyzing, Visualizing and Presenting Data},
  author={EMC Education Services},
  isbn={9781118876138},
  lccn={2014946681},
  year={12015},
  publisher={Wiley}
}
@book{strickland2015predictive,
  title={Predictive Analytics using R},
  author={Strickland, J.},
  isbn={9781312841017},
  year={12015},
  publisher={LULU Press}
}
@book{Rsoftware,
    title = {R: A Language and Environment for Statistical Computing},
    author = {{R Core Team}},
    organization = {R Foundation for Statistical Computing},
    address = {Vienna, Austria},
    year = {12017},
    url = {https://www.R-project.org/}
}
@book{MATLAB:2016a,
year = {2016a},
author = {MATLAB},
title = {version 8.1.0.604 (R2016a)},
publisher = {The MathWorks Inc.},
address = {Natick, Massachusetts}
}
@book{murray1999solar,
  title={Solar System Dynamics},
  author={Murray, C.D. and Dermott, S.F.},
  isbn={9780521575973},
  lccn={99019679},
  year={11999},
  publisher={Cambridge University Press}
}
@book{huguenin2012data,
  title={Data envelopment analysis (DEA) : a pedagogical guide for decision makers in the public sector},
  author={Huguenin, J.M.},
  isbn={9782940390540},
  series={Cahier de l'IDHEAP},
  year={12012},
  publisher={IDHEAP : Chair of Public finance}
}
@book{atkins2011molecular,
  title={Molecular Quantum Mechanics},
  author={Atkins, P.W. and Friedman, R.S.},
  isbn={9780199541423},
  lccn={2011289349},
  year={12011},
  publisher={OUP Oxford}
}
@book{laurendeau2005statistical,
  title={Statistical Thermodynamics: Fundamentals and Applications},
  author={Laurendeau, N.M.},
  isbn={9780521846356},
  lccn={2005014867},
  year={12005},
  publisher={Cambridge University Press}
}
@article{witkovsky_2014, 
  title={On the Exact Two-Sided Tolerance Intervals for Univariate Normal Distribution and Linear Regression}, 
  volume={43}, 
  DOI={10.17713/ajs.v43i4.46}, 
  number={4}, 
  journal={Austrian Journal of Statistics}, 
  author={Witkovsky, Viktor}, 
  year={12014}, 
  pages={279}
}
@article{eisenhauer2003regression,
  title={Regression through the origin},
  author={Eisenhauer, Joseph G.},
  journal={Teaching statistics},
  volume={25},
  number={3},
  pages={76--80},
  year={12003},
  publisher={Wiley Online Library}
}
@book{hoyng2007relativistic,
  title={Relativistic Astrophysics and Cosmology: A Primer},
  author={Hoyng, P.},
  isbn={9781402045233},
  lccn={2006920111},
  series={Astronomy and Astrophysics Library},
  year={12007},
  publisher={Springer Netherlands}
}
@book{condon2016essential,
  title={Essential Radio Astronomy},
  author={Condon, J.J. and Ransom, S.M.},
  isbn={9781400881161},
  series={Princeton Series in Modern Observational Astronomy},
  year={12016},
  publisher={Princeton University Press}
}
@book{squeglia2008zero,
  title={Zero Acceptance Number Sampling Plans},
  author={Squeglia, N.L.},
  isbn={9780873897396},
  lccn={2008009352},
  year={12008},
  publisher={ASQ Quality Press}
}
@book{phillips2005pricing,
  title={Pricing and Revenue Optimization},
  author={Phillips, R.},
  isbn={9780804781640},
  year={12005},
  publisher={Stanford University Press}
}
@book{hinkelmann2007design,
  title={Design and Analysis of Experiments, Volume 1: Introduction to Experimental Design},
  author={Hinkelmann, K. and Kempthorne, O.},
  isbn={9780470191743},
  lccn={2007017347},
  series={Wiley Series in Probability and Statistics},
  year={12007},
  publisher={Wiley}
}
@book{hinkelmann2005design,
  title={Design and Analysis of Experiments, Volume 2: Advanced Experimental Design},
  author={Hinkelmann, K. and Kempthorne, O.},
  isbn={9780471709930},
  series={Wiley Series in Probability and Statistics},
  year={12005},
  publisher={Wiley}
}
@book{hinkelmann2012design,
  title={Design and Analysis of Experiments, Volume 3: Special Designs and Applications},
  author={Hinkelmann, K. and Kempthorne, O.},
  isbn={9780470530689},
  lccn={93002342},
  series={Design and Analysis of Experiments},
  year={12012},
  publisher={Wiley}
}
@book{feigelson2012modern,
  title={Modern Statistical Methods for Astronomy: With R Applications},
  author={Feigelson, E.D. and Babu, G.J.},
  isbn={9780521767279},
  lccn={2012009113},
  year={12012},
  publisher={Cambridge University Press}
}
@book{hyndman2018forecasting,
  title={Forecasting: principles and practice},
  author={Hyndman, R.J. and Athanasopoulos, G.},
  isbn={9780987507112},
  year={12018},
  publisher={OTexts}
}
@book{d1992introducing,
  title={Introducing Einstein's Relativity},
  author={D'Inverno, R.},
  isbn={9780198596868},
  lccn={lc91024894},
  year={11992},
  publisher={Clarendon Press}
}
@book{stephani2004relativity,
  title={Relativity: An Introduction to Special and General Relativity},
  author={Stephani, H.},
  isbn={9780521010696},
  lccn={2003053217},
  year={12004},
  publisher={Cambridge University Press}
}
@book{ryder2009introduction,
  title={Introduction to General Relativity},
  author={Ryder, L.},
  isbn={9780521845632},
  lccn={2009005862},
  year={12009},
  publisher={Cambridge University Press}
}
@book{arfken2013mathematical,
  title={Mathematical Methods for Physicists: A Comprehensive Guide},
  author={Arfken, G.B. and Weber, H.J. and Harris, F.E.},
  isbn={9780123846549},
  lccn={2012418308},
  year={12013},
  publisher={Elsevier Science}
}
@book{rayner1969first,
  title={A first course in biometry for agriculture students},
  author={Rayner, A.A.},
  lccn={78424612},
  year={11969},
  publisher={University of Natal Press}
}
@book{tapp2016differential,
  title={Differential Geometry of Curves and Surfaces},
  author={Tapp, K.},
  isbn={9783319397993},
  series={Undergraduate Texts in Mathematics},
  year={12016},
  publisher={Springer International Publishing}
}
@book{howard2017computational,
  title={Computational Methods for Numerical Analysis with R},
  author={Howard, J.P.},
  isbn={9781351646505},
  series={Chapman \& Hall/CRC Numerical Analysis and Scientific Computing Series},
  year={12017},
  publisher={CRC Press}
}
@book{billo2007excel,
  title={Excel for Scientists and Engineers: Numerical Methods},
  author={Billo, E.J.},
  isbn={9780470126707},
  lccn={2006052999},
  year={12007},
  publisher={Wiley}
}
@book{mndopenfoam,
  title={Mathematics, Numerics, Derivations and OpenFOAM (4th Edition)},
  author={Holzmann, T.},
  year={12017},
  publisher={Loeben},
  url={https://www.holzmann-cfd.de}
}
@book{lawson2014design,
  title={Design and Analysis of Experiments with R},
  author={Lawson, J.},
  isbn={9781498728485},
  series={Chapman \& Hall/CRC Texts in Statistical Science},
  year={12014},
  publisher={CRC Press}
}
@book{mcculloch2004generalized,
  title={Generalized, Linear, and Mixed Models},
  author={McCulloch, C.E. and Searle, S.R.},
  isbn={9780471654049},
  series={Wiley Series in Probability and Statistics. Applied Probabil},
  year={12004},
  publisher={Wiley}
}
@misc{1509.09169,
Author = {Wessel N. van Wieringen},
Title = {Lecture notes on ridge regression},
Year = {12015},
Eprint = {arXiv:1509.09169},
}
@book{levin2016discrete,
  title={Discrete Mathematics: An Open Introduction},
  author={Levin, O.},
  isbn={9781534970748},
  series={Open Textbook Library},
  year={12016},
  publisher={CreateSpace Independent Publishing Platform}
}
@book{hogg2014probability,
  title={Probability and Statistical Inference},
  author={Hogg, R.V. and Tanis, E. and Zimmerman, D.},
  isbn={9780321920294},
  year={12014},
  publisher={Pearson Education}
}
@article{doi:10.1162/neco.1997.9.8.1735,
author = {Hochreiter, Sepp and Schmidhuber, Jürgen},
title = {Long Short-Term Memory},
journal = {Neural Computation},
volume = {9},
number = {8},
pages = {1735-1780},
year = {11997},
doi = {10.1162/neco.1997.9.8.1735},
}
@book{boyd2004convex,
  title={Convex Optimization},
  author={Boyd, S. and Vandenberghe, L.},
  isbn={9780521833783},
  lccn={03063284},
  series={Berichte {\"u}ber verteilte messysteme},
  year={12004},
  publisher={Cambridge University Press}
}
@book{gorbunov2011introduction,
  title={Introduction to the Theory of the Early Universe: Hot Big Bang Theory},
  author={Gorbunov, D.S. and Rubakov, V.A.},
  isbn={9789814343978},
  lccn={2012493418},
  year={12011},
  publisher={World Scientific}
}
@article{HF96,
  author = {Hyndman, Rob J. and Fan, Yanan},
  journal = {The American Statistician},
  pages = {361--365},
  title = {Sample quantiles in statistical packages},
  volume = {50},
  year = {11996}
}
@book{tsay2010analysis,
  title={Analysis of Financial Time Series},
  author={Tsay, R.S.},
  isbn={9781118017098},
  series={CourseSmart},
  year={12010},
  publisher={Wiley}
}
@book{navabi2014there,
  title={Why There Is No God: Simple Responses to 20 Common Arguments for the Existence of God},
  author={Navabi, A. and Hise, N.},
  isbn={9781311018045},
  year={12014},
  publisher={Atheist Republic}
}
@article{perezgonzalez2017fallacy,
  title={The fallacy of placing confidence in confidence intervals-A commentary},
  author={Perezgonzalez, Jose D},
  year={12017},
  publisher={PsyArXiv}
}
@article{sasaki2007truth,
  title={The truth of the F-measure},
  author={Sasaki, Yutaka and others},
  journal={Teach Tutor mater},
  volume={1},
  number={5},
  pages={1--5},
  year={12007}
}
@book{bandyopadhyay2008introduction,
  title={Introduction to Spintronics},
  author={Bandyopadhyay, S. and Cahay, M.},
  isbn={9781420004748},
  year={12008},
  publisher={CRC Press}
}
@book{lutgens2012essentials,
  title={Essentials of Geology},
  author={Lutgens, F.K. and Tarbuck, E.J. and Tasa, D.},
  isbn={9780321714725},
  lccn={2010034466},
  year={12012},
  publisher={Prentice Hall}
}
@article{beaton1974,
  title={The Fitting of Power Series, Meaning Polynomials, Illustrated on Band-Spectroscopic Data},
  author={Albert E. Beaton and John W. Tukey},
  journal={Technometrics},
  volume={16},
  number={2},
  pages={147-185},
  year={11974},
  publisher={Taylor & Francis},
  doi={10.1080/00401706.1974.10489171}
}
@book{kutner2005applied,
  title={Applied Linear Statistical Models},
  author={Kutner, M.H.},
  isbn={9780071122214},
  lccn={2004052447},
  series={McGrwa-Hill international edition},
  year={12005},
  publisher={McGraw-Hill Irwin}
}
@book{korbel1999complete,
  title={The Complete Encyclopedia of Minerals: Description of Over 600 Minerals from Around the World},
  author={Korbel, P. and Nov{\'a}k, M.},
  isbn={9780785815204},
  series={Rocks, Minerals and Gemstones},
  year={11999},
  publisher={Chartwell Books}
}
@book{harish2007antennas,
  title={Antennas and Wave Propagation},
  author={Harish, A.R. and Sachidananda, M.},
  isbn={9780195686661},
  lccn={2007299885},
  series={Oxford higher education},
  year={12007},
  publisher={Oxford University Press}
}
@book{institute2018cfa,
  title={},
  author={Institute, CFA},
  isbn={9781119516927},
  series={CFA Curriculum 2019},
  year={12018},
  publisher={Wiley}
}
@book{çengel2010fluid,
  title={Fluid Mechanics: Fundamentals and Applications},
  author={{\c{C}}engel, Y.A. and Cimbala, J.M.},
  isbn={9780071284219},
  lccn={2008049416},
  series={Cengel series in engineering thermal-fluid sciences},
  year={12010},
  publisher={McGraw-Hill}
}
@article{hyvarinen2000independent,
  title={Independent component analysis: algorithms and applications},
  author={Hyv{\"a}rinen, Aapo and Oja, Erkki},
  journal={Neural networks},
  volume={13},
  number={4-5},
  pages={411--430},
  year={12000},
  publisher={Elsevier}
}
@book{tavella2003quantitative,
  title={Quantitative Methods in Derivatives Pricing: An Introduction to Computational Finance},
  author={Tavella, D.},
  isbn={9780471274797},
  series={Wiley Finance},
  year={12003},
  publisher={Wiley}
}
@book{gouthière2017santé,
  title={Sant{\'e}, science, doit-on tout gober ?},
  author={Gouthi{\`e}re, F.},
  isbn={9782410009323},
  year={12017},
  publisher={Humensis}
}
@book{harrell2001regression,
  title={Regression Modeling Strategies: With Applications to Linear Models, Logistic Regression, and Survival Analysis},
  author={Harrell, F.E.},
  isbn={9780387952321},
  lccn={20010205},
  series={Graduate Texts in Mathematics},
  year={12001},
  publisher={Springer}
}
@book{crow2009introduction,
  title={An Introduction to Population Genetics Theory},
  author={Crow, J.F. and Kimura, M.},
  isbn={9781932846126},
  year={12009},
  publisher={Blackburn Press}
}
@book{megson2005structural,
  title={Structural and Stress Analysis},
  author={Megson, T.H.G.},
  isbn={9780080455341},
  lccn={2004060963},
  series={EngineeringPro collection},
  year={12005},
  publisher={Elsevier Science}
}
@book{orfanidis2002electromagnetic,
  title={Electromagnetic Waves and Antennas},
  author={Orfanidis, S.J.},
  series={EDN series for design engineers},
  year={12002},
  publisher={ECE Department}
}
@book{barends2018evidence,
  title={Evidence-Based Management: How to Use Evidence to Make Better Organizational Decisions},
  author={Barends, E. and Rousseau, D.M.},
  isbn={9780749483753},
  lccn={2018029623},
  year={12018},
  publisher={Kogan Page}
}
@inproceedings{jozefowicz2015empirical,
  title={An empirical exploration of recurrent network architectures},
  author={Jozefowicz, Rafal and Zaremba, Wojciech and Sutskever, Ilya},
  booktitle={International conference on machine learning},
  pages={2342--2350},
  year={12015}
}
@book{hamilton2011population,
  title={Population Genetics},
  author={Hamilton, M.},
  isbn={9781444362459},
  year={12011},
  publisher={Wiley}
}
@book{magnusson2000transmission,
  title={Transmission Lines and Wave Propagation, Fourth Edition},
  author={Magnusson, P.C. and Weisshaar, A. and Tripathi, V.K. and Alexander, G.C.},
  isbn={9780849302695},
  lccn={00048642},
  series={Electrical Engineering},
  year={12000},
  publisher={Taylor \& Francis}
}
@book{nahin2018transients,
  title={Transients for Electrical Engineers: Elementary Switched-Circuit Analysis in the Time and Laplace Transform Domains (with a touch of MATLAB{\textregistered})},
  author={Nahin, P.J.},
  isbn={9783319775982},
  year={12018},
  publisher={Springer International Publishing}
}
@book{fourier2003analytical,
  title={The Analytical Theory of Heat},
  author={Fourier, J.B.J},
  isbn={9780486495316},
  lccn={2002037099},
  series={Dover Books on Physics Series},
  year={11878},
  publisher={Dover Publications}
}
@book{nahin2014inside,
  title={Inside Interesting Integrals},
  author={Nahin, P.J.},
  isbn={9781493912773},
  series={Undergraduate Lecture Notes in Physics},
  year={12014},
  publisher={Springer New York}
}
@book{nahin2017praise,
  title={In Praise of Simple Physics: The Science and Mathematics behind Everyday Questions},
  author={Nahin, P.J.},
  isbn={9780691178523},
  lccn={2015031463},
  series={Princeton Puzzlers},
  year={12017},
  publisher={Princeton University Press}
}
@book{serway2018physics,
  title={Physics for Scientists and Engineers with Modern Physics},
  author={Serway, R.A. and Jewett, J.W.},
  isbn={9781337671729},
  year={12018},
  publisher={Cengage Learning}
}
@book{ball2014physical,
  title={Physical Chemistry},
  author={Ball, D.W.},
  isbn={9781285969770},
  year={12014},
  publisher={Cengage Learning}
}
@article{fels2015fields,
  title={Fields of the Cell},
  author={Fels, Daniel and Cifra, Michel and Scholkmann, F},
  journal={Research Signpost, Trivandrum, India},
  year={12015}
}
@book{berk2013corporate,
  title={Corporate Finance: The Core},
  author={Berk, J. and DeMarzo, P.},
  isbn={9780133145014},
  year={12013},
  publisher={Pearson Education}
}
@article{do2008expectation,
  title={What is the expectation maximization algorithm?},
  author={Do, Chuong B and Batzoglou, Serafim},
  journal={Nature biotechnology},
  volume={26},
  number={8},
  pages={897--899},
  year={12008},
  publisher={Nature Publishing Group}
}
@article{brayexpectation,
  title={Expectation Maximization},
  author={Bray, Benjamin},
  year={2016}
}
@book{olofsson2012probability,
  title={Probability, Statistics, and Stochastic Processes},
  author={Olofsson, P. and Andersson, M.},
  isbn={9781118231326},
  lccn={2011040205},
  year={12012},
  publisher={Wiley}
}
@book{taboga2017lectures,
  title={Lectures on probability theory and mathematical statistics},
  author={Taboga, Marco},
  year={12017},
  publisher={CreateSpace Independent Publishing Platform}
}
@book{dill2012molecular,
  title={Molecular driving forces: statistical thermodynamics in biology, chemistry, physics, and nanoscience},
  author={Dill, Ken and Bromberg, Sarina},
  year={12012},
  publisher={Garland Science}
}
@article{yuen1974two,
  title={The two-sample trimmed t for unequal population variances},
  author={Yuen, Karen K},
  journal={Biometrika},
  volume={61},
  number={1},
  pages={165--170},
  year={11974},
  publisher={Oxford University Press}
}
@book{wilcox2011introduction,
  title={Introduction to robust estimation and hypothesis testing, 4th Edition},
  author={Wilcox, Rand R},
  year={12017},
  isbn={978-0-12-804733-0},
  publisher={Academic press}
}
@book{valiev2012physics,
  title={The Physics of Submicron Lithography},
  author={Valiev, K.A.},
  isbn={9781461533184},
  series={Microdevices},
  year={12012},
  publisher={Springer US}
}
@book{spieler2005semiconductor,
  title={Semiconductor Detector Systems},
  author={Spieler, H.},
  isbn={9780191523656},
  series={Series on Semiconductor Science and Technology},
  year={12005},
  publisher={OUP Oxford}
}
@book{sze2012semiconductor,
  title={Semiconductor Devices: Physics and Technology},
  author={Sze, S.M. and Lee, M.K.},
  isbn={9780470537947},
  lccn={2011014262},
  series={Semiconductor Devices, Physics and Technology},
  year={12012},
  publisher={Wiley}
}
@book{walter2019astronautics,
  title={Astronautics: The Physics of Space Flight},
  author={Walter, U.},
  isbn={9783319743738},
  year={12019},
  publisher={Springer International Publishing}
}
@book{karttunen2007fundamental,
  title={Fundamental Astronomy},
  author={Karttunen, H. and Kr{\"o}ger, P. and Oja, H. and Poutanen, M. and Donner, K.J.},
  isbn={9783540341444},
  year={12007},
  publisher={Springer Berlin Heidelberg}
}
@book{kolb2018early,
  title={The Early Universe},
  author={Kolb, E.},
  isbn={9780429972492},
  year={12018},
  publisher={CRC Press}
}
@article{vieira2016class,
  title={Class of solutions of the Wheeler-DeWitt equation in the Friedmann-Robertson-Walker universe},
  author={Vieira, HS and Bezerra, VB},
  journal={Physical Review D},
  volume={94},
  number={2},
  pages={023511},
  year={12016},
  publisher={APS}
}
@article{vieira2015quantum,
  title={Quantum Newtonian cosmology and the biconfluent Heun functions},
  author={Vieira, Hor{\'a}cio Santana and Bezerra, Valdir B},
  journal={Journal of Mathematical Physics},
  volume={56},
  number={9},
  pages={092501},
  year={12015},
  publisher={AIP Publishing LLC}
}
@book{pulfrey2010understanding,
  title={Understanding Modern Transistors and Diodes},
  author={Pulfrey, D.L.},
  isbn={9781139484671},
  year={12010},
  publisher={Cambridge University Press}
}
@article{uzan2003fundamental,
  title={The fundamental constants and their variation: observational and theoretical status},
  author={Uzan, Jean-Philippe},
  journal={Reviews of modern physics},
  volume={75},
  number={2},
  pages={403},
  year={12003},
  publisher={APS}
}
@book{stenger2011fallacy,
  title={The Fallacy of Fine-Tuning: Why the Universe Is Not Designed for Us},
  author={Stenger, V.J.},
  isbn={9781616144449},
  lccn={2010049901},
  year={12011},
  publisher={Prometheus Books}
}
@book{martin2003impossibility,
  title={The Impossibility of God},
  author={Martin, M. and Monnier, R.},
  isbn={9781591021209},
  lccn={2003020943},
  series={G - Reference, Information and Interdisciplinary Subjects Series},
  year={12003},
  publisher={Prometheus Books}
}
@book{stenger2010god,
  title={God: The Failed Hypothesis: How Science Shows That God Does Not Exist},
  author={Stenger, V.J. and Hitchens, C.},
  isbn={9781615920037},
  year={12010},
  publisher={Prometheus Books}
}
@article{streiner2003unicorns,
  title={Unicorns do exist: A tutorial on “proving” the null hypothesis},
  author={Streiner, David L},
  journal={The Canadian Journal of Psychiatry},
  volume={48},
  number={11},
  pages={756--761},
  year={12003},
  publisher={SAGE Publications Sage CA: Los Angeles, CA}
}
@article{benson2006study,
  title={Study of the Therapeutic Effects of Intercessory Prayer (STEP) in cardiac bypass patients: a multicenter randomized trial of uncertainty and certainty of receiving intercessory prayer},
  author={Benson, Herbert and Dusek, Jeffery A and Sherwood, Jane B and Lam, Peter and Bethea, Charles F and Carpenter, William and Levitsky, Sidney and Hill, Peter C and Clem Jr, Donald W and Jain, Manoj K and others},
  journal={American heart journal},
  volume={151},
  number={4},
  pages={934--942},
  year={12006},
  publisher={Elsevier}
}
@article{byrd1988positive,
  title={Positive therapeutic effects of intercessory prayer in a coronary care unit population.},
  author={Byrd, Randolph C and others},
  year={11988}
}
@article{ruder2016overview,
  title={An overview of gradient descent optimization algorithms},
  author={Ruder, Sebastian},
  journal={arXiv preprint arXiv:1609.04747},
  year={12016}
}
@book{dk1998ultimate,
  title={Ultimate Visual Dictionary of Science},
  author={DK Publishing, Inc},
  isbn={9780789435125},
  lccn={98011900},
  series={Ultimate Visual Dictionary},
  year={11998},
  publisher={DK Pub.}
}
@book{milton2001casimir,
  title={The Casimir Effect: Physical Manifestations of Zero-point Energy},
  author={Milton, K.A.},
  isbn={9789812810526},
  lccn={2002265242},
  series={EBL-Schweitzer},
  year={12001},
  publisher={World Scientific}
}
@article{milonni1991zero,
  title={Zero-point energy in early quantum theory},
  author={Milonni, PW and Shih, M-L},
  journal={American Journal of Physics},
  volume={59},
  number={8},
  pages={684--698},
  year={11991},
  publisher={American Association of Physics Teachers}
}
@article{munday2009measured,
  title={Measured long-range repulsive Casimir--Lifshitz forces},
  author={Munday, Jeremy N and Capasso, Federico and Parsegian, V Adrian},
  journal={Nature},
  volume={457},
  number={7226},
  pages={170--173},
  year={12009},
  publisher={Nature Publishing Group}
}
@misc{dannon2005zero,
  title={Zero Point Energy: Planck Radiation Law},
  author={Dannon, H Vic},
  year={12005},
  publisher={Gauge}
}
@misc{levitt1962derivation,
  title={Derivation of the zero-point energy from the uncertainty principle},
  author={Levitt, Leonard S},
  year={11962},
  publisher={ACS Publications}
}
@book{scutari2014bayesian,
  title={Bayesian Networks: With Examples in R},
  author={Scutari, M. and Denis, J.B.},
  isbn={9781482225587},
  lccn={20140514},
  series={Chapman \& Hall/CRC Texts in Statistical Science},
  year={12014},
  publisher={Taylor \& Francis}
}
@book{ronveaux1995heun,
  title={Heun's Differential Equations},
  author={Ronveaux, P.A. and Ronveaux, A. and Arscott, F.M. and S, S. and Schmidt, D. and Wolf, G. and Maroni, P. and Duval, A.},
  isbn={9780198596950},
  lccn={95194538},
  series={Oxford science publications},
  year={11995},
  publisher={Oxford University Press}
}
@book{robert2010introducing,
  title={Introducing Monte Carlo Methods with R},
  author={Robert, C. and Casella, G.},
  isbn={9781441915757},
  lccn={2009941076},
  series={Use R!},
  year={12010},
  publisher={Springer}
}
@book{meissner2013correlation,
  title={Correlation Risk Modeling and Management: An Applied Guide including the Basel III Correlation Framework - With Interactive Models in Excel / VBA},
  author={Meissner, G.},
  isbn={9781118796894},
  series={Wiley Finance},
  year={12013},
  publisher={Wiley}
}
@book{göbel2019new,
  title={The New International System of Units (SI): Quantum Metrology and Quantum Standards},
  author={G{\"o}bel, E.O. and Siegner, U.},
  isbn={9783527814497},
  year={12019},
  publisher={Wiley}
}
@book{hibbeler2011mechanics,
  title={Mechanics of Materials},
  author={Hibbeler, R.C.},
  isbn={9780136022305},
  lccn={2010483792},
  year={12011},
  publisher={Pearson Prentice Hall}
}
@book{hecht2016optics,
  title={Optics, Global Edition},
  author={Hecht, E.},
  isbn={9781292096964},
  year={12016},
  publisher={Pearson Education Limited}
}
@article{fletcher2009support,
  title={Support vector machines explained},
  author={Fletcher, Tristan},
  journal={Tutorial paper., Mar},
  pages={28},
  year={12009}
}
@article{ventura2009svm,
  title={SVM example},
  author={Ventura, Dan},
  journal={Lectures notes, Mar},
  year={12009}
}
@book{ware2015physics,
  title={Physics of Light and Optics (Black \& White)},
  author={Ware, M. and Peatross, J.},
  isbn={9781312929272},
  year={12015},
  publisher={Brigham Young University, Department of Physics}
}
@book{peskin2018introduction,
  title={An Introduction To Quantum Field Theory},
  author={Peskin, M.E.},
  isbn={9780429983184},
  year={12018},
  publisher={CRC Press}
}
@book{thode2002testing,
  title={Testing For Normality},
  author={Thode, H.C.},
  isbn={9780203910894},
  lccn={2001055347},
  series={Statistics, textbooks and monographs},
  year={12002},
  publisher={CRC Press}
}
@article{ROWE1999353,
title = {The Delphi technique as a forecasting tool: issues and analysis},
journal = {International Journal of Forecasting},
volume = {15},
number = {4},
pages = {353-375},
year = {11999},
issn = {0169-2070},
doi = {https://doi.org/10.1016/S0169-2070(99)00018-7}
}
@article{winkler2016biases,
  title={Biases in future-oriented Delphi studies: a cognitive perspective},
  author={Winkler, Jens and Moser, Roger},
  journal={Technological forecasting and social change},
  volume={105},
  pages={63--76},
  year={12016},
  publisher={Elsevier}
}
@book{hamilton2020time,
  title={Time Series Analysis},
  author={Hamilton, J.D.},
  isbn={9780691218632},
  year={12020},
  publisher={Princeton University Press}
}
@article{forte2015validation,
  title={Validation of a method for measuring 226Ra in drinking waters by LSC},
  author={Forte, M and Abbate, G and Badalamenti, P and Costantino, S and Lunesu, D and Rusconi, R},
  journal={Applied Radiation and Isotopes},
  volume={103},
  pages={143--150},
  year={12015},
  publisher={Elsevier}
}
@article{cothern1983occurrence,
  title={Occurrence of uranium in drinking water in the US},
  author={Cothern, C Richard and Lappenbusch, William L},
  journal={Health physics},
  volume={45},
  number={1},
  pages={89--99},
  year={11983}
}
@article{smith2004doctors,
  title={Doctors are not scientists},
  author={Smith, Richard},
  journal={Bmj},
  volume={328},
  number={7454},
  year={12004},
  publisher={British Medical Journal Publishing Group}
}
@article{freed2004doctors,
  title={Doctors are not scientists but we still need science},
  author={Freed, David LJ},
  journal={Bmj},
  volume={329},
  number={7460},
  pages={294},
  year={12004},
  publisher={British Medical Journal Publishing Group}
}
@article{singal2018no,
  title={Why no radiation occurs in the case of a uniformly accelerated charge},
  author={Singal, Ashok K},
  journal={arXiv preprint arXiv:1810.04519},
  year={12018}
}
@article{singal2020discrepancy,
  title={Discrepancy between power radiated and the power loss due to radiation reaction for an accelerated charge},
  author={Singal, Ashok K},
  journal={Symmetry},
  volume={12},
  number={11},
  pages={1833},
  year={12020},
  publisher={Multidisciplinary Digital Publishing Institute}
}
@article{hethcote2000mathematics,
  title={The mathematics of infectious diseases},
  author={Hethcote, Herbert W},
  journal={SIAM review},
  volume={42},
  number={4},
  pages={599--653},
  year={12000},
  publisher={SIAM}
}
@article{frenkel1994einstein,
  title={Einstein, Friedmann, Lemaitre: Discovery of the Big Bang},
  author={Frenkel, V and Grib, AA},
  journal={Proceed. of the Second Alexander Friedmann Intern Sem. on Gravitation and Cosmology. Ed. Yu. Gnedin, A. Grib, V. Mostepanenko. Friedmann Lab Publ. St. Petersburg},
  year={11994}
}
@article{nussbaumer2014einstein,
  title={Einstein’s conversion from his static to an expanding universe},
  author={Nussbaumer, Harry},
  journal={The European Physical Journal H},
  volume={39},
  number={1},
  pages={37--62},
  year={12014},
  publisher={Springer}
}
@article{friedman1922krummung,
  title={{\"U}ber die kr{\"u}mmung des raumes},
  author={Friedman, Alexander},
  journal={Zeitschrift f{\"u}r Physik},
  volume={10},
  number={1},
  pages={377--386},
  year={11922},
  publisher={Springer-Verlag}
}
@inproceedings{lemaitre1927univers,
  title={Un Univers homog{\`e}ne de masse constante et de rayon croissant rendant compte de la vitesse radiale des n{\'e}buleuses extra-galactiques},
  author={Lema{\^\i}tre, Georges},
  booktitle={Annales de la Soci{\'e}t{\'e} scientifique de Bruxelles},
  volume={47},
  pages={49--59},
  year={11927}
}
@article{lapaine2011mollweideova,
  title={Mollweideova kartografska projekcija},
  author={Lapaine, Miljenko},
  journal={KoG},
  volume={15},
  number={15.},
  pages={7--16},
  year={12011},
  publisher={Hrvatsko dru{\v{s}}tvo za geometriju i grafiku}
}
@article{matsumoto2013casimir,
  title={The Casimir effect as a candidate of dark energy},
  author={Matsumoto, Jiro},
  journal={arXiv preprint arXiv:1303.4067},
  year={12013}
}
@book{parker2016looseleaf,
  title={LooseLeaf for Critical Thinking},
  author={Parker, R. and Moore, B.N.},
  isbn={9781259690877},
  lccn={2016021518},
  year={12016},
  publisher={McGraw-Hill Education}
}
@article{hales2005proof,
  title={A proof of the Kepler conjecture},
  author={Hales, Thomas C},
  journal={Annals of mathematics},
  volume={162},
  number={3},
  pages={1065--1185},
  year={12005},
  publisher={JSTOR}
}
@book{bi2015sensory,
  title={Sensory Discrimination Tests and Measurements: Sensometrics in Sensory Evaluation},
  author={Bi, J.},
  isbn={9781118994788},
  year={12015},
  publisher={Wiley}
}
@article{libbrecht2007formation,
  title={The formation of snow crystals: subtle molecular processes govern the growth of a remarkable variety of elaborate ice structures},
  author={Libbrecht, Kenneth G},
  journal={American Scientist},
  volume={95},
  number={1},
  pages={52--59},
  year={12007},
  publisher={JSTOR}
}
@book{ebbh2021fr,
  title={Evidence Based Bonne Humeur - À la poursuite de l'esprit critique},
  author={Meunier, R},
  isbn={9791034386512},
  year={12021},
  publisher={Z \& Arts}
}
@article{ishiyama2021uchuu,
  title={The Uchuu simulations: Data Release 1 and dark matter halo concentrations},
  author={Ishiyama, Tomoaki and Prada, Francisco and Klypin, Anatoly A and Sinha, Manodeep and Metcalf, R Benton and Jullo, Eric and Altieri, Bruno and Cora, Sof{\'\i}a A and Croton, Darren and de la Torre, Sylvain and others},
  journal={Monthly Notices of the Royal Astronomical Society},
  volume={506},
  number={3},
  pages={4210--4231},
  year={12021},
  publisher={Oxford University Press}
}
@article{brzezinska2018singular,
  title={Singular Value Decomposition Approaches in A Correspondence Analysis with The Use of R},
  author={Brzezi{\'n}ska, Justyna and others},
  journal={Folia Oeconomica Stetinensia},
  volume={18},
  number={2},
  pages={178--189},
  year={12018},
  publisher={Wydawnictwo Naukowe Uniwersytetu Szczeci{\'n}skiego}
}
@book{sobel2003logic,
  title={Logic and Theism: Arguments for and against Beliefs in God},
  author={Sobel, J.H.},
  isbn={9781139449984},
  year={12003},
  publisher={Cambridge University Press}
}

@article{juzek2019set,
  title={How to Set Delta in the Two-One-Sided T-tests Procedure (TOST)},
  author={Juzek, Tom S and Kizach, Johannes},
  journal={Journal of Research Design and Statistics in Linguistics and Communication Science},
  volume={5},
  number={1-2},
  pages={153--169},
  year={12019}
}
@article{smith1979origins,
  title={The origins of the velocity-distance relation},
  author={Smith, Robert W},
  journal={Journal for the History of Astronomy},
  volume={10},
  number={3},
  pages={133--165},
  year={11979},
  publisher={SAGE Publications Sage UK: London, England}
}
@article{nachman2000estimate,
  title={Estimate of the mutation rate per nucleotide in humans},
  author={Nachman, Michael W and Crowell, Susan L},
  journal={Genetics},
  volume={156},
  number={1},
  pages={297--304},
  year={12000},
  publisher={Oxford University Press}
}
@article{drake1998rates,
  title={Rates of spontaneous mutation},
  author={Drake, John W and Charlesworth, Brian and Charlesworth, Deborah and Crow, James F},
  journal={Genetics},
  volume={148},
  number={4},
  pages={1667--1686},
  year={11998},
  publisher={Oxford University Press}
}
@article{upham2019inferring,
  title={Inferring the mammal tree: species-level sets of phylogenies for questions in ecology, evolution, and conservation},
  author={Upham, Nathan S and Esselstyn, Jacob A and Jetz, Walter},
  journal={PLoS biology},
  volume={17},
  number={12},
  pages={e3000494},
  year={12019},
  publisher={Public Library of Science San Francisco, CA USA}
}
@article{analysisprecambrien,
author = {Bartlett, Benjamin C. and Stevenson, David J.},
title = {Analysis of a Precambrian resonance-stabilized day length},
journal = {Geophysical Research Letters},
volume = {43},
number = {11},
pages = {5716-5724},
keywords = {length of day, snowball Earth, tides},
doi = {https://doi.org/10.1002/2016GL068912},
year = {12016}
}
@article{rynes2002hr,
  title={HR professionals' beliefs about effective human resource practices: Correspondence between research and practice},
  author={Rynes, Sara L and Colbert, Amy E and Brown, Kenneth G},
  journal={Human Resource Management: Published in Cooperation with the School of Business Administration, The University of Michigan and in alliance with the Society of Human Resources Management},
  volume={41},
  number={2},
  pages={149--174},
  year={12002},
  publisher={Wiley Online Library}
}
@article{nyhan2010corrections,
  title={When corrections fail: The persistence of political misperceptions},
  author={Nyhan, Brendan and Reifler, Jason},
  journal={Political Behavior},
  volume={32},
  number={2},
  pages={303--330},
  year={12010},
  publisher={Springer}
}
@phdthesis{gonzalez2007analyse,
  title={Analyse Canonique R{\'e}gularis{\'e}e pour des donn{\'e}es fortement multidimensionnelles},
  author={Gonzalez, Ignacio},
  year={12007},
  school={Universit{\'e} de Toulouse, Universit{\'e} Toulouse III-Paul Sabatier}
}
@book{huggins1999calculus,
  title={Calculus 2000: A Physics-based Calculus Text},
  author={Huggins, E.R.},
  isbn={9780970783646},
  year={11999},
  publisher={Moose Mountain Digital Press}
}
@book{huggins2001physics,
  title={Physics 2000 and Calculus 2000},
  author={Huggins, E.R.},
  isbn={9780970783660},
  year={12001},
  publisher={Moose Mountain Digital Press}
}
@article{adams2019degree,
  title={The degree of fine-tuning in our universe—and others},
  author={Adams, Fred C.},
  journal={Physics reports},
  volume={807},
  pages={1--111},
  year={12019},
  publisher={Elsevier}
}
@article{di2021realm,
  title={In the Realm of the Hubble tension $-$ a Review of Solutions},
  author={Di Valentino, Eleonora and Mena, Olga and Pan, Supriya and Visinelli, Luca and Yang, Weiqiang and Melchiorri, Alessandro and Mota, David F and Riess, Adam G and Silk, Joseph},
  journal={arXiv preprint arXiv:2103.01183},
  year={12021}
}
@book{gupta2021statistical,
  title={Statistical Quality Control: Using MINITAB, R, JMP and Python},
  author={Gupta, B.C.},
  isbn={9781119671633},
  lccn={2020026822},
  year={12021},
  publisher={Wiley}
}
@book{mardia2014statistics,
  title={Statistics of Directional Data},
  author={Mardia, K.V. and Birnbaum, Z.W. and Lukacs, E.},
  isbn={9781483218663},
  year={12014},
  publisher={Elsevier Science}
}
@article{mckay2000comparison,
  title={A comparison of three methods for selecting values of input variables in the analysis of output from a computer code},
  author={McKay, Michael D and Beckman, Richard J and Conover, William J},
  journal={Technometrics},
  volume={42},
  number={1},
  pages={55--61},
  year={12000},
  publisher={Taylor \& Francis}
}
@book{reiher2015relativistic,
  title={Relativistic Quantum Chemistry: The Fundamental Theory of Molecular Science},
  author={Reiher, M. and Wolf, A.},
  isbn={9783527334155},
  year={12015},
  publisher={Wiley}
}
@book{hawkins2013identification,
  title={Identification of Outliers},
  author={Hawkins, D.},
  isbn={9789401539944},
  series={Monographs on Statistics and Applied Probability},
  year={12013},
  publisher={Springer Netherlands}
}
@book{riley2006mathematical,
  title={Mathematical Methods for Physics and Engineering: A Comprehensive Guide},
  author={Riley, K.F. and Hobson, M.P. and Bence, S.J.},
  isbn={9780521679732},
  lccn={96052942},
  series={Mathematical Methods for Physics and Engineering: A Comprehensive Guide},
  year={12006},
  publisher={Cambridge University Press}
}
@book{date2019database,
  title={Database Design and Relational Theory: Normal Forms and All That Jazz},
  author={Date, C.J.},
  isbn={9781484255391},
  year={12019},
  publisher={Apress}
}
@book{longair2020theoretical,
  title={Theoretical Concepts in Physics: An Alternative View of Theoretical Reasoning in Physics},
  author={Longair, M.S.},
  isbn={9781108484534},
  lccn={2020001145},
  year={12020},
  publisher={Cambridge University Press}
}
@article{perezgonzalez2015fisher,
  title={Fisher, Neyman-Pearson or NHST? A tutorial for teaching data testing},
  author={Perezgonzalez, Jose D},
  journal={Frontiers in psychology},
  pages={223},
  year={12015},
  publisher={Frontiers}
}
@book{miller2012miller,
  title={Miller and Levine Biology},
  author={Miller, K.R. and Levine, J.S.},
  isbn={9780133236385},
  series={Pearson foundation series},
  year={12012},
  publisher={Pearson}
}
@book{couprie2011heaven,
  title={Heaven and Earth in Ancient Greek Cosmology: From Thales to Heraclides Ponticus},
  author={Couprie, D.L.},
  isbn={9781441981165},
  lccn={2011923655},
  series={Astrophysics and Space Science Library},
  year={12011},
  publisher={Springer New York}
}
@book{studiesHistoryMathematicsPhysicalSciences,
  title={Studies in the History of Mathematics and Physical Sciences},
  author={Neugebauer, O.},
  isbn={9783642619120},
  year={11975},
  publisher={Springer Berlin Heidelberg}
}
@book{ptolemy1998ptolemy,
  title={Ptolemy's Almagest},
  author={Ptolemy and Toomer, G.J. and Gingerich, O.},
  isbn={9780691002606},
  lccn={98033565},
  year={11998},
  publisher={Princeton University Press}
}
@book{burnet2000greek,
  title={Greek Thought: A Guide to Classical Knowledge},
  author={Burnet, J. and Brunschwig, J. and Lloyd, G.E.R. and Lloyd, G.E.R. and Lloyd, M.D.C.G.E.R. and Pellegrin, P. and Porter, C. and Annas, P.P.J. and Bardet, S. and B{\'e}lis, A. and others},
  isbn={9780674002616},
  lccn={00036032},
  series={Harvard University Press reference library},
  year={12000},
  publisher={Belknap Press of Harvard University Press}
}
@article{lingam2017risks,
  title={Risks for life on habitable planets from superflares of their host stars},
  author={Lingam, Manasvi and Loeb, Abraham},
  journal={The Astrophysical Journal},
  volume={848},
  number={1},
  pages={41},
  year={12017},
  publisher={IOP Publishing}
}
@article{bressi2002measurement,
  title={Measurement of the Casimir force between parallel metallic surfaces},
  author={Bressi, Giacomo and Carugno, Giovanni and Onofrio, Roberto and Ruoso, Giuseppe},
  journal={Physical review letters},
  volume={88},
  number={4},
  pages={041804},
  year={12002},
  publisher={APS}
}
@article{amihud2002illiquidity,
  title={Illiquidity and stock returns: cross-section and time-series effects},
  author={Amihud, Yakov},
  journal={Journal of financial markets},
  volume={5},
  number={1},
  pages={31--56},
  year={12002},
  publisher={Elsevier}
}
@article{sarr2002measuring,
  title={Measuring liquidity in financial markets},
  author={Sarr, Abdourahmane and Lybek, Tonny},
  journal={Available at SSRN 880932},
  year={12002}
}
@article{buks2001stiction,
  title={Stiction, adhesion energy, and the Casimir effect in micromechanical systems},
  author={Buks, E and Roukes, ML},
  journal={Physical Review B},
  volume={63},
  number={3},
  pages={033402},
  year={12001},
  publisher={APS}
}
@article{legg2007occupational,
  title={Occupational therapy for patients with problems in personal activities of daily living after stroke: systematic review of randomised trials},
  author={Legg, Lynn and Drummond, Avril and Leonardi-Bee, Jo and Gladman, JRF and Corr, Susan and Donkervoort, Mireille and Edmans, Judi and Gilbertson, Louise and Jongbloed, Lyn and Logan, Pip and others},
  journal={Bmj},
  volume={335},
  number={7626},
  pages={922},
  year={12007},
  publisher={British Medical Journal Publishing Group}
}
@book{rauchfuss2008chemical,
  title={Chemical Evolution and the Origin of Life},
  author={Rauchfuss, H. and Mitchell, T.N.},
  isbn={9783540788225},
  lccn={2008929511},
  url={https://books.google.ch/books?id=6z0inwEACAAJ},
  year={12008},
  publisher={Springer}
}
@book{gopalan2017principles,
  title={Principles of Radiometric Dating},
  author={Gopalan, K.},
  isbn={9781107198739},
  lccn={2017000108},
  year={12017},
  publisher={Cambridge University Press}
}
@book{geometrieaebisher,
  title={Géometrie - Géometrie affine, géometrie euclidienne \& introduction à la géometrie projective},
  author={Aebischer, B.},
  isbn={9782311002768},
  year={12011},
  publisher={Vuibert}
}
@article{kuzii2019gravitation,
  title={What the gravitation of a flat Earth would look like and why thus the Earth is not actually flat},
  author={Kuzii, Olena and Rovenchak, Andrij},
  journal={European Journal of Physics},
  volume={40},
  number={3},
  pages={035008},
  year={12019},
  publisher={IOP Publishing}
}
@article{laskar2009existence,
  title={Existence of collisional trajectories of Mercury, Mars and Venus with the Earth},
  author={Laskar, Jacques and Gastineau, Micka{\"e}l},
  journal={Nature},
  volume={459},
  number={7248},
  pages={817--819},
  year={12009},
  publisher={Nature Publishing Group}
}
@article{cahalan2022solar,
  title={Solar Temperature Variations Computed from SORCE SIM Irradiances Observed During 2003--2020},
  author={Cahalan, Robert F and Ajiquich{\'\i}, Paulino and Yat{\'a}z, Gaspar},
  journal={Solar Physics},
  volume={297},
  number={1},
  pages={1--37},
  year={12022},
  publisher={Springer}
}
@article{zasov2017dark,
  title={Dark matter in galaxies},
  author={Zasov, Anatolii Vladimirovich and Saburova, Ann S and Khoperskov, Alexander Valentinovich and Khoperskov, Sergey A},
  journal={Physics-Uspekhi},
  volume={60},
  number={1},
  pages={3},
  year={12017},
  publisher={IOP Publishing}
}
@article{fewell1995atomic,
  title={The atomic nuclide with the highest mean binding energy},
  author={Fewell, MP},
  journal={American Journal of Physics},
  volume={63},
  number={7},
  pages={653--658},
  year={1995},
  publisher={American Association of Physics Teachers}
}
@book{2014traité,
  title={Trait{\'e} des trois imposteurs: Mo{\"\i}se, J{\'e}sus-Christ, Mahomet},
  author={), P.H.D.H.},
  isbn={9791020801067},
  year={12014},
  publisher={Maxtor France}
}
@book{baril2018tout,
  title={Tout ce que la science sait de la religion},
  author={Baril, D.},
  isbn={9782763736167},
  year={12018},
  publisher={PUL Diffusion}
}
@article{van2021significance,
  title={The significance filter, the winner's curse and the need to shrink},
  author={van Zwet, Erik W and Cator, Eric A},
  journal={Statistica Neerlandica},
  volume={75},
  number={4},
  pages={437--452},
  year={12021},
  publisher={Wiley Online Library}
}
@book{whitehead1910principia,
  title={Principia Mathematica},
  author={Whitehead, A.N. and Russell, B.},
  isbn={9781603864374},
  year={11910},
  publisher={Rough Draft Printing}
}
@book{jain2016wind,
  title={Wind Energy Engineering, Second Edition},
  author={Jain, P.},
  isbn={9780071843850},
  year={12016},
  publisher={McGraw Hill LLC}
}
@article{pearson1975orbital,
  title={The orbital tower: a spacecraft launcher using the Earth's rotational energy},
  author={Pearson, Jerome},
  journal={Acta Astronautica},
  volume={2},
  number={9-10},
  pages={785--799},
  year={11975},
  publisher={Elsevier}
}
@book{tegmark2014our,
  title={Our Mathematical Universe: My Quest for the Ultimate Nature of Reality},
  author={Tegmark, M.},
  isbn={9780307599803},
  lccn={2013016020},
  year={12014},
  publisher={Alfred A. Knopf}
}
@book{clp2integralcalculus,
  title={CLP 2 Integral Calculus},
  author={Feldman J, Rechnitzer A and Yeager E},
  year={12022}
}
@book{clp1integralcalculus,
  title={CLP 1 Differential Calculus},
  author={Feldman J, Rechnitzer A and Yeager E},
  year={12022}
}
@article{gockenbach2009newton,
  title={Newton’s law of heating and the heat equation},
  author={Gockenbach, Mark and Schmidtke, Kristin},
  journal={Involve, a Journal of Mathematics},
  volume={2},
  number={4},
  pages={419--437},
  year={12009},
  publisher={Mathematical Sciences Publishers}
}
@article{schoonhoven2010xbar,
  title={The X-bar control chart under non-normality},
  author={Schoonhoven, Marit and Does, Ronald JMM},
  journal={Quality and Reliability Engineering International},
  volume={26},
  number={2},
  pages={167--176},
  year={12010},
  publisher={Wiley Online Library}
}
@article{luko1996concerning,
  title={Concerning the estimators r/d2 and r/d2* in estimating variability in a normal universe},
  author={Luko, Stephen N},
  journal={Quality Engineering},
  volume={8},
  number={3},
  pages={481--487},
  year={11996},
  publisher={Taylor \& Francis}
}
@book{delson2000encyclopedia,
  title={Encyclopedia of Human Evolution and Prehistory},
  author={Delson, E. and Tattersall, I. and Van Couvering, J.A.},
  isbn={9780815316961},
  lccn={99045834},
  series={Garland reference library of the humanities},
  year={12000},
  publisher={Garland Pub.}
}
@book{henke2007handbook,
  title={Handbook of Paleoanthropology: Vol I:Principles, Methods and Approaches Vol II:Primate Evolution and Human Origins Vol III:Phylogeny of Hominids},
  author={Henke, W. and Hardt, T. and Tattersall, I.},
  isbn={9783540324744},
  lccn={2006936414},
  series={Handbook of Paleoanthropology},
  year={12007},
  publisher={Springer Berlin Heidelberg}
}
@book{boughner2016developmental,
  title={Developmental Approaches to Human Evolution},
  author={Boughner, J.C. and Rolian, C.},
  isbn={9781118524688},
  lccn={2015026508},
  year={12016},
  publisher={Wiley}
}
@book{ayala2017processes,
  title={Processes in Human Evolution: The Journey from Early Hominins to Neanderthals and Modern Humans},
  author={Ayala, F.J. and Conde, C.J.C.},
  isbn={9780198739906},
  lccn={2016934457},
  series={Processes in Human Evolution: The Journey from Early Hominins to Neanderthals and Modern Humans},
  year={12017},
  publisher={Oxford University Press}
}
@book{cela2007human,
  title={Human Evolution: Trails from the Past},
  author={Cela-Conde, C.J. and Ayala, F.J.},
  isbn={9780191524431},
  lccn={2007026042},
  series={Oxford biology},
  year={12007},
  publisher={OUP Oxford}
}
@book{lieberman2011evolution,
  title={The Evolution of the Human Head},
  author={Lieberman, D.},
  isbn={9780674046368},
  lccn={2010020868},
  series={Mersion: Emergent Village Resources for Communities of Faith Series},
  year={12011},
  publisher={Harvard University Press}
}
@book{levinton2001genetics,
  title={Genetics, Paleontology, and Macroevolution},
  author={Levinton, J.S. and Levinton, J.S.},
  isbn={9780521005500},
  lccn={87011730},
  series={Genetics, Paleontology, and Macroevolution},
  year={12001},
  publisher={Cambridge University Press}
}
@book{kliman2016encyclopedia,
  title={Encyclopedia of Evolutionary Biology},
  author={Kliman, R.M.},
  isbn={9780128000496},
  year={12016},
  publisher={Elsevier Science}
}
@book{birx2006encyclopedia,
  title={Encyclopedia of Anthropology},
  author={Birx, H.J.},
  isbn={9780761930297},
  lccn={2005013953},
  series={A SAGE reference publication},
  year={12006},
  publisher={SAGE Publications}
}
@book{fitzpatrick2012introduction,
  title={An Introduction to Celestial Mechanics},
  author={Fitzpatrick, R.},
  isbn={9781107023819},
  lccn={2012000780},
  year={12012},
  publisher={Cambridge University Press}
}
@book{rayner2023introduction,
  title={An Introduction to Cochran-Mantel-Haenszel Testing and Nonparametric ANOVA},
  author={Rayner, J.C.W. and Livingston, G.C.},
  isbn={9781119832003},
  lccn={2022052871},
  series={Wiley Series in Probability and Statistics},
  year={12023},
  publisher={Wiley}
}
@book{lohr2021sampling,
  title={Sampling: Design and Analysis},
  author={Lohr, S.L.},
  isbn={9781000478235},
  series={Chapman \& Hall/CRC Texts in Statistical Science},
  year={12021},
  publisher={CRC Press}
}
@book{lu2021r,
  title={R Companion for Sampling: Design and Analysis},
  author={Lu, Y. and Lohr, S.L.},
  isbn={9781032132150},
  lccn={2021039318},
  year={12021},
  publisher={CRC Press}
}
@book{hyndman2008forecasting,
  title={Forecasting with Exponential Smoothing: The State Space Approach},
  author={Hyndman, R. and Koehler, A.B. and Ord, J.K. and Snyder, R.D.},
  isbn={9783540719182},
  series={Springer Series in Statistics},
  year={12008},
  publisher={Springer Berlin Heidelberg}
}
@article{HYNDMAN2002439,
title = {A state space framework for automatic forecasting using exponential smoothing methods},
journal = {International Journal of Forecasting},
volume = {18},
number = {3},
pages = {439-454},
year = {12002},
issn = {0169-2070},
doi = {https://doi.org/10.1016/S0169-2070(01)00110-8},
author = {Rob J Hyndman and Anne B Koehler and Ralph D Snyder and Simone Grose},
keywords = {Automatic forecasting, Exponential smoothing, Prediction intervals, State space models},
}
@techreport{hyndman2001prediction,
  title={Prediction intervals for exponential smoothing state space models},
  author={Hyndman, Rob J and Koehler, Anne B and Ord, J Keith and Snyder, Ralph D and others},
  year={12001},
  institution={Monash University, Department of Econometrics and Business Statistics}
}
@article{wilczynska2020four,
  title={Four direct measurements of the fine-structure constant 13 billion years ago},
  author={Wilczynska, Michael R and Webb, John K and Bainbridge, Matthew and Barrow, John D and Bosman, Sarah EI and Carswell, Robert F and D{\k{a}}browski, Mariusz P and Dumont, Vincent and Lee, Chung-Chi and Leite, Ana Catarina and others},
  journal={Science advances},
  volume={6},
  number={17},
  pages={eaay9672},
  year={12020},
  publisher={American Association for the Advancement of Science}
}
@book{turcotte2002geodynamics,
  title={Geodynamics},
  author={Turcotte, D.L. and Schubert, G.},
  isbn={9781107268678},
  year={12002},
  publisher={Cambridge University Press}
}
@article{consa2020unpublished,
  title={The Unpublished Feynman Diagram IIc},
  author={Consa, Oliver},
  journal={arXiv preprint arXiv:2010.10345},
  year={12020}
}
@book{ubs100indicateurs,
  title={Les 100 principaux indicateurs financiers},
  author={Ulrich Wiehle, Michael Diegelmann, Henryk Deter and Dr. Peter Noel Schömig and Michael Rolf},
  year={12010},
  isbn={9783940828316},
  publisher={Cometis, UBS}
}
@book{tcherkez2010isotopie,
  title={Isotopie biologique: introduction aux effets isotopiques et {\`a} leurs applications en biologie},
  author={Tcherkez, G.},
  isbn={9782743012670},
  year={12010},
  publisher={{\'E}d. Tec \& Doc}
}
@book{fitzpatrick2015quantum,
  title={Quantum Mechanics},
  author={Fitzpatrick, R.},
  isbn={9789814696005},
  year={12015},
  publisher={World Scientific Publishing Company}
}
@article{borde2001inflationary,
  title={Inflationary spacetimes are not past-complete},
  author={Borde, Arvind and Guth, Alan H and Vilenkin, Alexander},
  journal={arXiv preprint gr-qc/0110012},
  year={2001}
}
@phdthesis{phdthesisturbulencefluid,
author = {Aubourg, Quentin},
year = {12016},
month = {10},
pages = {},
title = {Étude expérimentale de la turbulence d’ondes à la surface d’un fluide. La théorie de la turbulence faible à l’épreuve de la réalité pour les ondes de capillarité et gravité}
}
@book{bigi2009cp,
  title={CP Violation},
  author={Bigi, I.I. and Sanda, A.I.},
  isbn={9781139478243},
  series={Cambridge Monographs on Particle Physics, Nuclear Physics and Cosmology},
  year={12009},
  publisher={Cambridge University Press}
}
@book{branco1999cp,
  title={CP Violation},
  author={Branco, G.C. and Lavoura, L. and Silva, J.P.},
  isbn={9780198503996},
  lccn={2014498644},
  series={International series of monographs on physics},
  year={11999},
  publisher={Clarendon Press}
}
@article{rutkowski2010pressure,
  title={Pressure influence on the Curie temperature},
  author={Rutkowski, J and Wojtczak, L and Zajac, {\v{S}}},
  journal={Acta Physica Polonica A},
  volume={118},
  number={5},
  pages={745--746},
  year={12010},
  publisher={Polska Akademia Nauk. Instytut Fizyki PAN}
}
@article{aubert2009modelling,
  title={Modelling the palaeo-evolution of the geodynamo},
  author={Aubert, Julien and Labrosse, St{\'e}phane and Poitou, Charles},
  journal={Geophysical Journal International},
  volume={179},
  number={3},
  pages={1414--1428},
  year={12009},
  publisher={Blackwell Publishing Ltd Oxford, UK}
}
@article{christensen2006scaling,
  title={Scaling properties of convection-driven dynamos in rotating spherical shells and application to planetary magnetic fields},
  author={Christensen, Ulrich R and Aubert, Julien},
  journal={Geophysical Journal International},
  volume={166},
  number={1},
  pages={97--114},
  year={12006},
  publisher={Blackwell Publishing Ltd Oxford, UK}
}
@article{starchenko2002typical,
  title={Typical velocities and magnetic field strengths in planetary interiors},
  author={Starchenko, SV and Jones, CA},
  journal={Icarus},
  volume={157},
  number={2},
  pages={426--435},
  year={12002},
  publisher={Elsevier}
}
@article{mizuuchi2023minimal,
  title={Minimal RNA self-reproduction discovered from a random pool of oligomers},
  author={Mizuuchi, Ryo and Ichihashi, Norikazu},
  journal={Chemical Science},
  year={12023},
  publisher={Royal Society of Chemistry}
}
@article{larson1998leading,
  title={Leading scientists still reject God},
  author={Larson, Edward J and Witham, Larry},
  journal={Nature},
  volume={394},
  number={6691},
  pages={313--313},
  year={11998},
  publisher={Nature Publishing Group UK London}
}
@article{ferroglia2020tidal,
  title={Tidal locking and the gravitational fold catastrophe},
  author={Ferroglia, Andrea and Fiolhais, Miguel CN},
  journal={American Journal of Physics},
  volume={88},
  number={12},
  pages={1059--1067},
  year={12020},
  publisher={AIP Publishing}
}
@article{kopal1972tidal,
  title={Tidal evolution in close binary systems},
  author={Kopal, Zden{\v{e}}k},
  journal={Astrophysics and Space Science},
  volume={17},
  pages={161--185},
  year={11972},
  publisher={Springer}
}
mastersthesis{puttkammer2013boundary,
  title={Boundary layer over a flat plate},
  author={Puttkammer, P.P.},
  type={{B.S.} thesis},
  year={12013},
  school={University of Twente}
}
@article{aluri2023observable,
  title={Is the observable Universe consistent with the cosmological principle?},
  author={Aluri, Pavan Kumar and Cea, Paolo and Chingangbam, Pravabati and Chu, Ming-Chung and Clowes, Roger G and Hutsem{\'e}kers, Damien and Kochappan, Joby P and Lopez, Alexia M and Liu, Lang and Martens, Niels CM and others},
  journal={Classical and Quantum Gravity},
  volume={40},
  number={9},
  pages={094001},
  year={12023},
  publisher={IOP Publishing}
}
@article{yadav2010fractal,
  title={Fractal dimension as a measure of the scale of homogeneity},
  author={Yadav, Jaswant K and Bagla, JS and Khandai, Nishikanta},
  journal={Monthly Notices of the Royal Astronomical Society},
  volume={405},
  number={3},
  pages={2009--2015},
  year={12010},
  publisher={Blackwell Publishing Ltd Oxford, UK}
}
@article{tanabashi2018review,
  title={Review of Particle Physics: particle data groups},
  author={Tanabashi, Masaharu and Hagiwara, K and Hikasa, K and Nakamura, Katsumasa and Sumino, Y and Takahashi, F and Tanaka, J and Agashe, K and Aielli, G and Amsler, Claude and others},
  journal={Physical Review D},
  volume={98},
  number={3},
  pages={1--1898},
  year={12018}
}